@BOOK{lie,
    author = {Софус Ли},
    edition = {1},
    publisher = {Ижевск: Институт компьютерных исследований},
    editor = {А. В. Болсинова},
    note = {пер. с нем. Л. А. Фрай},
    year = {2011},
    title = {Теория групп преобразований: в 3-х частях},
    book = {Часть 1},
    langid = {russian}
},

@BOOK{cartan,
  title={Sur la structure des groupes de transformations finis et continus},
  author={Cartan, E.},
  series={Th{\'e}ses pr{\'e}sent{\'e}es a la Facult{\'e} des Sciences de Paris pour obtenir le grade de docteur {\`e}s sciences math{\'e}matiques},
  year={1894},
  publisher={Nony},
  url={https://books.google.ru/books?id=JY8LAAAAYAAJ},
  langid = {english}
},

@ARTICLE{IK,
   author = {{Isaev}, A. and {Kruglikov}, B.},
    title = "{On the symmetry algebras of 5-dimensional CR-manifolds}",
  journal = {ArXiv e-prints},
archivePrefix = "arXiv",
   eprint = {1607.06072},
 primaryClass = "math.CV",
 keywords = {Mathematics - Complex Variables, Mathematics - Differential Geometry, 32C05, 32V40},
     year = 2016,
    month = jul,
   adsurl = {http://adsabs.harvard.edu/abs/2016arXiv160706072I},
  adsnote = {Provided by the SAO/NASA Astrophysics Data System},
  langid  = {english}
},

@ARTICLE{ALS,
   author = {{Atanov}, A.~V. and {Loboda}, A.~V. and {Shipovskaya}, A.~V.
	},
    title = "{Affine homogeneous strictly pseudoconvex hypersurfaces of the type (1/2,0) in $\mathbb{C}^3$}",
  journal = {ArXiv e-prints},
archivePrefix = "arXiv",
   eprint = {1401.2252},
 primaryClass = "math.CV",
 keywords = {Mathematics - Complex Variables, 32V40 (Primary), 58D19, 14R05 (Secondary)},
     year = 2014,
    month = jan,
   adsurl = {http://adsabs.harvard.edu/abs/2014arXiv1401.2252A},
  adsnote = {Provided by the SAO/NASA Astrophysics Data System},
   langid = {english}
},
@ARTICLE{loboda_c2,
    author = {Александр Васильевич Лобода},
    title  = {Классификация аффинно-однородных невырожденных по Леви гиперповерхностей пространства $\mathbb{C}^2$},
   journal = {Современные проблемы математики и механики, М.: Изд-во МГУ},
    volume = {6: Математика., Вып. 3: К 100-летию со дня рождения Н.В. Ефимова},
   year    = {2011},
 publisher = {М.: Изд-во МГУ},
     pages = {56--58}
},
@book{miller1973symmetry,
  title={Symmetry Groups and Their Applications},
  author={Miller, W.},
  isbn={9780080873657},
  series={Pure and Applied Mathematics},
  url={https://books.google.ru/books?id=rW7-eLDdVm0C},
  year={1973},
  publisher={Elsevier Science},
  language={english}
},

@article{loboda_hodarev,
  author = {А.~В.~Лобода and А.~С.~Ходарев},
  title = {Об~одном семействе аффинно-однородных вещественных гиперповерхностей 3-мерного комплексного пространства},
  journal = {Изв. вузов. Матем.},
  year    = {2003},
  pages   = {38--50},
  volume  = {47},
  number  = {10}
},

@book{shirokov,
  title={Аффинная дифференциальная геометрия},
  author={Широков, П.А. and Широков, А.П.},
  url={https://books.google.ru/books?id=UNu0AAAAIAAJ},
  year={1959},
  publisher={Гос. изд-во физико-математической лит-ры}
}
